<?xml version="1.0" encoding="UTF-8"?>
<SOAP-ENV:Envelope xmlns:SOAP-ENV="http://schemas.xmlsoap.org/soap/envelope/" xmlns:of="http://oss.dbc.dk/ns/openformat" xmlns:ofo="http://oss.dbc.dk/ns/openformatoutput"><SOAP-ENV:Body><of:formatResponse><marc:record xmlns:marc="http://www.loc.gov/MARC21/slim"><leader>00000ngm a22000000c 4500</leader><controlfield tag="001">870970:28655746</controlfield><controlfield tag="003">DKDLA</controlfield><controlfield tag="005">20110228181554.0</controlfield><controlfield tag="008">110216s2010    dk |||||||||||||||||dan||</controlfield><datafield ind1=" " ind2="0" tag="245"><subfield code="a">Asterix og vikingerne</subfield></datafield><datafield ind1=" " ind2=" " tag="260"><subfield code="b">SF Film,</subfield><subfield code="c">[2011]</subfield></datafield><datafield ind1="1" ind2=" " tag="700"><subfield code="a">Goscinny, René</subfield></datafield><datafield ind1="1" ind2=" " tag="700"><subfield code="a">Uderzo, Albert</subfield></datafield><datafield ind1="1" ind2=" " tag="700"><subfield code="a">Fjeldmark, Stefan</subfield></datafield><datafield ind1="1" ind2=" " tag="700"><subfield code="a">Møller, Jesper,</subfield><subfield code="c">filminstruktør</subfield></datafield><datafield ind1="1" ind2=" " tag="700"><subfield code="a">Goossens, Jean-Luc</subfield></datafield><datafield ind1=" " ind2=" " tag="856"><subfield code="z">Adgangsmåde: Internet </subfield><subfield code="u">http://www.filmstriben.dk/?showfilm=2668960000 </subfield><subfield code="z">Adgang til streaming</subfield></datafield></marc:record></of:formatResponse></SOAP-ENV:Body></SOAP-ENV:Envelope>
